@book{Sav08,
    author    = "John E. Savage",
    title     = "Models of Computing: Exploring the Power of Computing",
    year      = "2008",
    publisher = "Brown University",
    howpublished = "\url{http://cs.brown.edu/~jes/book/}",
}
